<?xml version="1.0" encoding="UTF-8"?><collection xmlns="http://www.loc.gov/MARC21/slim"><record><leader>00396nam--2200133-i-4500</leader><controlfield tag="001">000047084</controlfield><controlfield tag="002">20161230</controlfield><controlfield tag="005">20161230201046</controlfield><controlfield tag="008">060222s1000------------r-----000-0-eng-d</controlfield><datafield ind1=" " ind2=" " tag="100"><subfield code="a">Wedemeyer, E</subfield></datafield><datafield ind1=" " ind2=" " tag="245"><subfield code="a">Symmetrische tragerfrequenzkabel fur hochstausnutzung</subfield></datafield><datafield ind1=" " ind2=" " tag="260"><subfield code="a">Berlin, Verlag Technik, 1952, 29p.Cu Fig</subfield></datafield><datafield ind1=" " ind2=" " tag="490"><subfield code="a">Wissenschaftliche Berichte. Folge Iii Elektrotechnik</subfield></datafield><datafield ind1=" " ind2=" " tag="852"><subfield code="a">11208</subfield></datafield></record></collection>